<marc:record xmlns:marc="http://www.loc.gov/MARC21/slim" xmlns:xsi="http://www.w3.org/2001/XMLSchema-instance" xsi:schemaLocation="http://www.loc.gov/MARC21/slim http://www.loc.gov/standards/marcxml/schema/MARC21slim.xsd">
<marc:leader>00620nkm a22     7i 4500</marc:leader>
<marc:controlfield tag="001">1482990</marc:controlfield>
<marc:controlfield tag="003">NL-AMISG</marc:controlfield>
<marc:controlfield tag="005">20131121130623.0</marc:controlfield>
<marc:controlfield tag="008">131119s1990    ne                  dut d</marc:controlfield>
<marc:datafield ind1=" " ind2=" " tag="040">
	<marc:subfield code="a">NL-AMISG</marc:subfield>
</marc:datafield>
<marc:datafield ind1=" " ind2=" " tag="041">
	<marc:subfield code="a">dut</marc:subfield>
</marc:datafield>
<marc:datafield ind1=" " ind2=" " tag="044">
	<marc:subfield code="a">ne</marc:subfield>
</marc:datafield>
<marc:datafield ind1="1" ind2=" " tag="100">
	<marc:subfield code="0">(NL-AMISG)2010161</marc:subfield>
	<marc:subfield code="a">Ros, Ae-Marie,</marc:subfield>
	<marc:subfield code="b">c</marc:subfield>
	<marc:subfield code="d">e</marc:subfield>
	<marc:subfield code="designer">f</marc:subfield>
	<marc:subfield code="k">l</marc:subfield>
	<marc:subfield code="m">n</marc:subfield>
	<marc:subfield code="o">p</marc:subfield>
	<marc:subfield code="q">r</marc:subfield>
	<marc:subfield code="s">t</marc:subfield>
	<marc:subfield code="v">x</marc:subfield>
	<marc:subfield code="y">z</marc:subfield>
</marc:datafield>
<marc:datafield ind1="1" ind2="3" tag="245">
	<marc:subfield code="a">De stad als wereld :</marc:subfield>
	<marc:subfield code="b">literair festival.</marc:subfield>
	<marc:subfield code="k">Visual document.</marc:subfield>
</marc:datafield>
<marc:datafield ind1=" " ind2=" " tag="260">
	<marc:subfield code="c">(Ca. 1990)</marc:subfield>
	<marc:subfield code="e">(S.l. : </marc:subfield>
	<marc:subfield code="f">s.n.)</marc:subfield>
</marc:datafield>
<marc:datafield ind1=" " ind2=" " tag="300">
	<marc:subfield code="g">42x60 cm.</marc:subfield>
</marc:datafield>
<marc:datafield ind1=" " ind2=" " tag="540">
	<marc:subfield code="a">Copyright unknown.</marc:subfield>
</marc:datafield>
<marc:datafield ind1=" " ind2=" " tag="542">
	<marc:subfield code="m">closed</marc:subfield>
</marc:datafield>
<marc:datafield ind1="1" ind2=" " tag="600">
	<marc:subfield code="a">Vinkenoog, Simon.</marc:subfield>
	<marc:subfield code="0">(NL-AMISG)319133</marc:subfield>
</marc:datafield>
<marc:datafield ind1=" " ind2=" " tag="648">
	<marc:subfield code="a">1985-1995.</marc:subfield>
	<marc:subfield code="0">(NL-AMISG)568639</marc:subfield>
</marc:datafield>
<marc:datafield ind1=" " ind2=" " tag="650">
	<marc:subfield code="a">Literature.</marc:subfield>
	<marc:subfield code="0">(NL-AMISG)365662</marc:subfield>
</marc:datafield>
<marc:datafield ind1=" " ind2=" " tag="650">
	<marc:subfield code="a">Biographica.</marc:subfield>
	<marc:subfield code="0">(NL-AMISG)306042</marc:subfield>
</marc:datafield>
<marc:datafield ind1=" " ind2=" " tag="651">
	<marc:subfield code="a">Den Haag (Netherlands)</marc:subfield>
	<marc:subfield code="0">(NL-AMISG)231557</marc:subfield>
</marc:datafield>
<marc:datafield ind1=" " ind2="4" tag="655">
	<marc:subfield code="a">Poster.</marc:subfield>
	<marc:subfield code="0">(NL-AMISG)3248</marc:subfield>
</marc:datafield>
<marc:datafield ind1="1" ind2=" " tag="700">
	<marc:subfield code="a">Vinkenoog, Simon,</marc:subfield>
	<marc:subfield code="e">collector.</marc:subfield>
	<marc:subfield code="0">(NL-AMISG)2000682</marc:subfield>
</marc:datafield>
<marc:datafield ind1="2" ind2=" " tag="710">
	<marc:subfield code="a">Paard (Den Haag)</marc:subfield>
	<marc:subfield code="0">(NL-AMISG)568294</marc:subfield>
</marc:datafield>
<marc:datafield ind1="4" ind2=" " tag="852">
	<marc:subfield code="a">IISG</marc:subfield>
	<marc:subfield code="b">IISG</marc:subfield>
	<marc:subfield code="c">IISG</marc:subfield>
	<marc:subfield code="j">BG D85/913</marc:subfield>
	<marc:subfield code="n">Available</marc:subfield>
	<marc:subfield code="p">30051003207146</marc:subfield>
</marc:datafield>
<marc:datafield ind1=" " ind2=" " tag="901">
	<marc:subfield code="a">1482990</marc:subfield>
	<marc:subfield code="b"/>
	<marc:subfield code="c">1482990</marc:subfield>
	<marc:subfield code="t">biblio</marc:subfield>
</marc:datafield>
<marc:datafield ind1=" " ind2=" " tag="902">
	<marc:subfield code="a">10622/BD3E9ED2-263D-4BCA-96AF-D93C9762DCEB</marc:subfield>
</marc:datafield>
</marc:record>